
@incollection{dubitzky_part--speech_2013,
	address = {New York, NY},
	title = {Part-of-{Speech} {Tagging}},
	isbn = {978-1-4419-9862-0 978-1-4419-9863-7},
	url = {http://link.springer.com/10.1007/978-1-4419-9863-7_162},
	language = {en},
	urldate = {2024-07-16},
	booktitle = {Encyclopedia of {Systems} {Biology}},
	publisher = {Springer New York},
	author = {Pyysalo, Sampo},
	editor = {Dubitzky, Werner and Wolkenhauer, Olaf and Cho, Kwang-Hyun and Yokota, Hiroki},
	year = {2013},
	doi = {10.1007/978-1-4419-9863-7_162},
	pages = {1650--1650},
}
